<?xml version="1.0" encoding="UTF-8"?>
<SOAP-ENV:Envelope xmlns:SOAP-ENV="http://schemas.xmlsoap.org/soap/envelope/" xmlns:of="http://oss.dbc.dk/ns/openformat" xmlns:ofo="http://oss.dbc.dk/ns/openformatoutput"><SOAP-ENV:Body><of:formatResponse><marc:record xmlns:marc="http://www.loc.gov/MARC21/slim"><leader>00000nam a22000000c 4500</leader><controlfield tag="001">870970:27982603</controlfield><controlfield tag="003">DKDLA</controlfield><controlfield tag="005">20091123180707.0</controlfield><controlfield tag="007">ta</controlfield><controlfield tag="008">091027s2009    dk |||||| ||| 00||udan||</controlfield><datafield ind1="1" ind2=" " tag="100"><subfield code="a">Goscinny, René</subfield><subfield code="4">aut</subfield></datafield><datafield ind1=" " ind2="0" tag="245"><subfield code="a">Asterix' og Obelix' fødselsdag :</subfield><subfield code="b">den gyldne gæstebog</subfield></datafield><datafield ind1=" " ind2=" " tag="260"><subfield code="b">Egmont Serieforlaget,</subfield><subfield code="c">2009</subfield></datafield><datafield ind1=" " ind2=" " tag="300"><subfield code="a">53 sider</subfield></datafield><datafield ind1=" " ind2=" " tag="490"><subfield code="a">Asterix ;</subfield><subfield code="v">nr. 34</subfield></datafield><datafield ind1="1" ind2=" " tag="700"><subfield code="a">Uderzo, Albert</subfield><subfield code="4">aut</subfield><subfield code="4">drm</subfield></datafield></marc:record></of:formatResponse></SOAP-ENV:Body></SOAP-ENV:Envelope>
